@online {
    strategy-pattern,
    author  =   {OODesign},
    title   =   {Strategy Pattern},
    url     =   {https://www.oodesign.com/strategy-pattern.html},
    urldate =   {2017-05-02}
}

@online {
    composite-pattern,
    author  =   {OODesign},
    title   =   {Composite Pattern},
    url     =   {https://www.oodesign.com/composite-pattern.html},
    urldate =   {2017-05-02}
}

@book {
    buckland,
    title   =   {Programming Game AI by Example},
    author  =   {Mat Buckland},
    year    =   {2005},
    publisher   =   {Worldware}
}

@online{
    sdl2,
    title   =   {SDL2 documentation},
    url     =   {https://wiki.libsdl.org/FrontPage},
    urldate =   {2017-05-02}
}

@online{
	rbgames,
	title = {Introduction to A*},
	url = {http://www.redblobgames.com/pathfinding/a-star/introduction.html},
	urldate = {2017-05-03}
}

@online{
    gccwcc,
    title   =   {GNU GCC Code Conventions},
    url     =   {https://gcc.gnu.org/wiki/CppConventions},
    urldate =   {2017-05-03}
}
