@online{
    sdl2,
    title   =   {SDL2 documentation},
    url     =   {https://wiki.libsdl.org/FrontPage},
    urldate =   {2017-04-11}
}

